@article{a86,
  title={Eigenvalues and expanders},
  author={Alon, Noga},
  journal={Combinatorica},
  volume={6},
  number={2},
  pages={83--96},
  year={1986},
  publisher={Springer}
}


@article{sv95,
  title={Finding k cuts within twice the optimal},
  author={Saran, Huzur and Vazirani, Vijay V},
  journal={SIAM Journal on Computing},
  volume={24},
  number={1},
  pages={101--108},
  year={1995},
  publisher={SIAM}
}



@article{aln05,
  title={Euclidean distortion and the sparsest cut},
  author={Arora, Sanjeev and Lee, James and Naor, Assaf},
  journal={Journal of the American Mathematical Society},
  volume={21},
  number={1},
  pages={1--21},
  year={2008}
}

@article{aln08,
  title={Euclidean distortion and the sparsest cut},
  author={Arora, Sanjeev and Lee, James and Naor, Assaf},
  journal={Journal of the American Mathematical Society},
  volume={21},
  number={1},
  pages={1--21},
  year={2008}
}



@article{cd12,
  title={Spectra of uniform hypergraphs},
  author={Cooper, Joshua and Dutle, Aaron},
  journal={Linear Algebra and its Applications},
  volume={436},
  number={9},
  pages={3268--3292},
  year={2012},
  publisher={Elsevier}
}

@article{fw95,
  title={On the second eigenvalue of hypergraphs},
  author={Friedman, Joel and Wigderson, Avi},
  journal={Combinatorica},
  volume={15},
  number={1},
  pages={43--65},
  year={1995},
  publisher={Springer}
}



@article{r09,
title = "Laplacian eigenvalues and partition problems in hypergraphs ",
journal = "Applied Mathematics Letters ",
volume = "22",
number = "6",
pages = "916 - 921",
year = "2009",
note = "",
issn = "0893-9659",
doi = "http://dx.doi.org/10.1016/j.aml.2008.07.020",
url = "http://www.sciencedirect.com/science/article/pii/S0893965908003091",
author = "J.A. RodrÃ­guez",
}


@article{c93,
  title={The Laplacian of a hypergraph},
  author={Chung, F},
  journal={Expanding graphs (DIMACS series)},
  pages={21--36},
  year={1993}
}


@inproceedings{gs13,
  title={Approximating Non-Uniform Sparsest Cut via Generalized Spectra},
  author={Guruswami, Venkatesan and Sinop, Ali Kemal},
  booktitle={SODA 2013},
  volume={12},
  year={2012}
}



@inproceedings{gs11,
  title={Lasserre hierarchy, higher eigenvalues, and approximation schemes for graph partitioning and quadratic integer programming with PSD objectives},
  author={Guruswami, Venkatesan and Sinop, Ali Kemal},
  booktitle={Foundations of Computer Science (FOCS), 2011 IEEE 52nd Annual Symposium on},
  pages={482--491},
  year={2011},
  organization={IEEE}
}


@article{kls95,
  title={Isoperimetric problems for convex bodies and a localization lemma},
  author={Kannan, Ravi and Lov{\'a}sz, L{\'a}szl{\'o} and Simonovits, Mikl{\'o}s},
  journal={Discrete \& Computational Geometry},
  volume={13},
  number={1},
  pages={541--559},
  year={1995},
  publisher={Springer}
}

@inproceedings{k02,
  title={On the power of unique 2-prover 1-round games},
  author={Khot, Subhash},
  booktitle={Proceedings of the thiry-fourth annual ACM symposium on Theory of computing},
  pages={767--775},
  year={2002},
  organization={ACM}
}


@inproceedings{t05,
  title={Approximation algorithms for unique games},
  author={Trevisan, Luca},
  booktitle={Foundations of Computer Science, 2005. FOCS 2005. 46th Annual IEEE Symposium on},
  pages={197--205},
  year={2005},
  organization={IEEE}
}



@inproceedings{t08,
  title={Approximation algorithms for unique games},
  author={Trevisan, Luca},
  booktitle={Foundations of Computer Science, 2005. FOCS 2005. 46th Annual IEEE Symposium on},
  pages={197--205},
  year={2005},
  organization={IEEE}
}




@article{im12,
  title={Maximally stable Gaussian partitions with discrete applications},
  author={Isaksson, Marcus and Mossel, Elchanan},
  journal={Israel Journal of Mathematics},
  volume={189},
  number={1},
  pages={347--396},
  year={2012},
  publisher={Springer}
}


@article{v08,
	author    = {Santosh Vempala},
	title     = {Algorithmic Convex Geometry},
	journal   = {Lecture Notes},
	year      = {2008},
	pages     = {http://www.cc.gatech.edu/~vempala/acg/notes.pdf},
}


@inproceedings{ot12,
  title={Approximating the expansion profile and almost optimal local graph clustering},
  author={Gharan, Shayan Oveis and Trevisan, Luca},
  booktitle={Foundations of Computer Science (FOCS), 2012 IEEE 53rd Annual Symposium on},
  pages={187--196},
  year={2012},
  organization={IEEE}
}




@article{st12,
  author    = {David Steurer and
               Prasad Tetali},
  title     = {Personal Communication},
  year      = {2012}
}



@inproceedings{lm14,
  title     = {Approximation Algorithm for Sparsest k-Partitioning},
  author={Louis, Anand and Makarychev, Konstantin},
  booktitle={SODA 2014},
  volume={12},
  year={2013}
}

 


@article{js87,
  title={Approximate counting, uniform generation and rapidly mixing Markov chains},
  author={Sinclair, Alistair and Jerrum, Mark},
  journal={Information and Computation},
  volume={82},
  number={1},
  pages={93--133},
  year={1989},
  publisher={Elsevier}
}

@article{ags13,
  author    = {Sanjeev Arora and
               Rong Ge and
               Ali Kemal Sinop},
  title     = {Towards a better approximation for sparsest cut?},
  journal   = {FOCS},
  year      = {2013},
  ee        = {http://arxiv.org/abs/1304.3365},
  bibsource = {DBLP, http://dblp.uni-trier.de}
}



@article{ds91,
  title={Geometric bounds for eigenvalues of Markov chains},
  author={Diaconis, Persi and Stroock, Daniel},
  journal={The Annals of Applied Probability},
  volume={1},
  number={1},
  pages={36--61},
  year={1991},
  publisher={Institute of Mathematical Statistics}
}


@article{psl90,
  title={Partitioning sparse matrices with eigenvectors of graphs},
  author={Pothen, Alex and Simon, Horst D and Liou, Kang-Pu},
  journal={SIAM Journal on Matrix Analysis and Applications},
  volume={11},
  number={3},
  pages={430--452},
  year={1990},
  publisher={SIAM}
}


@ARTICLE{ss96,
    author = {Michael Sipser and Daniel A. Spielman},
    title = {Expander Codes},
    journal = {IEEE Transactions on Information Theory},
    year = {1996},
    volume = {42},
    pages = {1710--1722}
}



@ARTICLE{aj95,
    author = {Charles J. Alpert and Andrew B. Kahng},
    title = {Recent directions in netlist partitioning: A survey},
    journal = {Integration: The VLSI Journal},
    year = {1995},
    volume = {19},
    pages = {1--81}
}


@book{ggkk94,
  title={Introduction to parallel computing},
  author={Kumar, Vipin and Grama, Ananth and Gupta, Anshul and Karypis, George},
  volume={110},
  year={1994},
  publisher={Benjamin/Cummings Redwood City}
}




@article{sm00,
  title={Normalized cuts and image segmentation},
  author={Shi, Jianbo and Malik, Jitendra},
  journal={Pattern Analysis and Machine Intelligence, IEEE Transactions on},
  volume={22},
  number={8},
  pages={888--905},
  year={2000},
  publisher={IEEE}
}


@inproceedings{d01,
  title={Co-clustering documents and words using bipartite spectral graph partitioning},
  author={Dhillon, Inderjit S},
  booktitle={Proceedings of the seventh ACM SIGKDD international conference on Knowledge discovery and data mining},
  pages={269--274},
  year={2001},
  organization={ACM}
}



@article{c70,
  title={A lower bound for the smallest eigenvalue of the Laplacian},
  author={Cheeger, Jeff},
  journal={Problems in analysis},
  volume={625},
  pages={195--199},
  year={1970}
}


@inproceedings{lot12,
  title={Multi-way spectral partitioning and higher-order Cheeger inequalities},
  author={Lee, James R and Oveis Gharan, Shayan and Trevisan, Luca},
  booktitle={Proceedings of the 44th symposium on Theory of Computing},
  pages={1117--1130},
  year={2012},
  organization={ACM}
}




@inproceedings{rt12,
  title={Approximating CSPs with global cardinality constraints using SDP hierarchies},
  author={Raghavendra, Prasad and Tan, Ning},
  booktitle={Proceedings of the Twenty-Third Annual ACM-SIAM Symposium on Discrete Algorithms},
  pages={373--387},
  year={2012},
  organization={SIAM}
}


@article{bht00,
  author    = {Sergey Bobkov and
               Christian Houdr{\'e} and
               Prasad Tetali},
  title     = {$\lambda_{\infty}$ Vertex Isoperimetry and Concentration},
  journal   = {Combinatorica},
  volume    = {20},
  number    = {2},
  year      = {2000},
  pages     = {153-172},
  ee        = {http://dx.doi.org/10.1007/s004930070018},
  bibsource = {DBLP, http://dblp.uni-trier.de}
}


@inproceedings{st96,
  title={Spectral partitioning works: planar graphs and finite element meshes},
  author={Spielmat, Daniel A and Teng, Shang-Hua},
  booktitle={Foundations of Computer Science, 1996. Proceedings., 37th Annual Symposium on},
  pages={96--105},
  year={1996},
  organization={IEEE}
}

@article{kvv04,
  title={On clusterings: Good, bad and spectral},
  author={Kannan, Ravi and Vempala, Santosh and Vetta, Adrian},
  journal={Journal of the ACM (JACM)},
  volume={51},
  number={3},
  pages={497--515},
  year={2004},
  publisher={ACM}
}


@inproceedings{shmoys97,
  author    = {D. Shmoys},
  title     = {Cut problems and their application to divide and conquer},
  booktitle = {Approximation algorithms for NP-hard problems},
  year      = {1996},
  pages     = {192-235},
  crossref  = {hochbaum},
}


@proceedings{hochbaum,
  editor    = {D. Hochbaum},
  title     = {Approximation algorithms for NP-hard problems},
  publisher = {PWS Publishing Co., Boston, MA, USA},
  year      = {1996},
}

@inproceedings{ams07,
  title={Inapproximability results for sparsest cut, optimal linear arrangement, and precedence constrained scheduling},
  author={Ambuhl, Christoph and Mastrolilli, Monaldo and Svensson, Ola},
  booktitle={Foundations of Computer Science, 2007. FOCS'07. 48th Annual IEEE Symposium on},
  pages={329--337},
  year={2007},
  organization={IEEE}
}

@inproceedings{lrtv12,
  title={Many sparse cuts via higher eigenvalues},
  author={Louis, Anand and Raghavendra, Prasad and Tetali, Prasad and Vempala, Santosh},
  booktitle={Proceedings of the 44th symposium on Theory of Computing},
  pages={1131--1140},
  year={2012},
  organization={ACM}
}

@incollection{lrtv11,
  title={Algorithmic extensions of Cheegers inequality to higher eigenvalues and partitions},
  author={Louis, Anand and Raghavendra, Prasad and Tetali, Prasad and Vempala, Santosh},
  booktitle={Approximation, Randomization, and Combinatorial Optimization. Algorithms and Techniques},
  pages={315--326},
  year={2011},
  publisher={Springer}
}


@article{bs94,
  title={Fast multilevel implementation of recursive spectral bisection for partitioning unstructured problems},
  author={Barnard, Stephen T and Simon, Horst D},
  journal={Concurrency: Practice and Experience},
  volume={6},
  number={2},
  pages={101--117},
  year={1994},
  publisher={Wiley Online Library}
}



@article{hl95,
  title={An improved spectral graph partitioning algorithm for mapping parallel computations},
  author={Hendrickson, Bruce and Leland, Robert},
  journal={SIAM Journal on Scientific Computing},
  volume={16},
  number={2},
  pages={452--469},
  year={1995},
  publisher={SIAM}
}



@article{k06,
  title={Spectral partitioning, eigenvalue bounds, and circle packings for graphs of bounded genus},
  author={Kelner, Jonathan A},
  journal={SIAM Journal on Computing},
  volume={35},
  number={4},
  pages={882--902},
  year={2006},
  publisher={SIAM}
}


@article{blr10,
  title={Eigenvalue bounds, spectral partitioning, and metrical deformations via flows},
  author={Biswal, Punyashloka and Lee, James R and Rao, Satish},
  journal={Journal of the ACM (JACM)},
  volume={57},
  number={3},
  pages={13},
  year={2010},
  publisher={ACM}
}


@article{ar06,
  title={Balanced graph partitioning},
  author={Andreev, Konstantin and Racke, Harald},
  journal={Theory of Computing Systems},
  volume={39},
  number={6},
  pages={929--939},
  year={2006},
  publisher={Springer}
}


@inproceedings{kns09,
  title={Partitioning graphs into balanced components},
  author={Krauthgamer, Robert and Naor, Joseph Seffi and Schwartz, Roy},
  booktitle={Proceedings of the twentieth Annual ACM-SIAM Symposium on Discrete Algorithms},
  pages={942--949},
  year={2009},
  organization={Society for Industrial and Applied Mathematics}
}


@book{chung97,
  author = {Fan Chung},
  publisher = {American Mathematical Society},
  title = {Spectral Graph Theory},
  year = 1997,
  keywords = {imported},
  
}

@book{LedouxT,
  author = {Michel Ledoux and Michel Talagrand},
  publisher = {Springer},
  title = {Probability in Banach Spaces},
  year = 1991,
}


@inproceedings{abs10,
  title={Subexponential algorithms for unique games and related problems},
  author={Arora, Sanjeev and Barak, Boaz and Steurer, David},
  booktitle={Foundations of Computer Science (FOCS), 2010 51st Annual IEEE Symposium on},
  pages={563--572},
  year={2010},
  organization={IEEE}
}

@inproceedings{rst10,
  title={Approximations for the isoperimetric and spectral profile of graphs and related parameters},
  author={Raghavendra, Prasad and Steurer, David and Tetali, Prasad},
  booktitle={Proceedings of the 42nd ACM symposium on Theory of computing},
  pages={631--640},
  year={2010},
  organization={ACM}
}



@inproceedings{rs10,
  title={Graph expansion and the unique games conjecture},
  author={Raghavendra, Prasad and Steurer, David},
  booktitle={Proceedings of the 42nd ACM symposium on Theory of computing},
  pages={755--764},
  year={2010},
  organization={ACM}
}


@inproceedings{osvv08,
  title={On partitioning graphs via single commodity flows},
  author={Orecchia, Lorenzo and Schulman, Leonard J and Vazirani, Umesh V and Vishnoi, Nisheeth K},
  booktitle={Proceedings of the 40th annual ACM symposium on Theory of computing},
  pages={461--470},
  year={2008},
  organization={ACM}
}



@incollection{lv10,
  title={Improved algorithm for degree bounded survivable network design problem},
  author={Louis, Anand and Vishnoi, Nisheeth K},
  booktitle={Algorithm Theory-SWAT 2010},
  pages={408--419},
  year={2010},
  publisher={Springer}
}


@inproceedings{s09,
  author    = {Jonah Sherman},
  title     = {Breaking the Multicommodity Flow Barrier for $\bigO(\sqrt{\log n})$-Approximations
               to Sparsest Cut},
  booktitle = {FOCS},
  year      = {2009},
  pages     = {363-372},
  ee        = {http://doi.ieeecomputersociety.org/10.1109/FOCS.2009.66},
  crossref  = {DBLP:conf/focs/2009},
  bibsource = {DBLP, http://dblp.uni-trier.de}
}

@proceedings{DBLP:conf/focs/2009,
  title     = {50th Annual IEEE Symposium on Foundations of Computer Science,
               FOCS 2009, October 25-27, 2009, Atlanta, Georgia, USA},
  booktitle = {FOCS},
  publisher = {IEEE Computer Society},
  year      = {2009},
  isbn      = {978-0-7695-3850-1},
  bibsource = {DBLP, http://dblp.uni-trier.de}
}

@article{lr99,
  title={Multicommodity max-flow min-cut theorems and their use in designing approximation algorithms},
  author={Leighton, Tom and Rao, Satish},
  journal={Journal of the ACM (JACM)},
  volume={46},
  number={6},
  pages={787--832},
  year={1999},
  publisher={ACM}
}


@article{arv04,
  title={Expander flows, geometric embeddings and graph partitioning},
  author={Arora, Sanjeev and Rao, Satish and Vazirani, Umesh},
  journal={Journal of the ACM (JACM)},
  volume={56},
  number={2},
  pages={5},
  year={2009},
  publisher={ACM}
}

@article{arv09,
  title={Expander flows, geometric embeddings and graph partitioning},
  author={Arora, Sanjeev and Rao, Satish and Vazirani, Umesh},
  journal={Journal of the ACM (JACM)},
  volume={56},
  number={2},
  pages={5},
  year={2009},
  publisher={ACM}
}



@article{krv06,
  title={Graph partitioning using single commodity flows},
  author={Khandekar, Rohit and Rao, Satish and Vazirani, Umesh},
  journal={Journal of the ACM (JACM)},
  volume={56},
  number={4},
  pages={19},
  year={2009},
  publisher={ACM}
}

@article{krv09,
  title={Graph partitioning using single commodity flows},
  author={Khandekar, Rohit and Rao, Satish and Vazirani, Umesh},
  journal={Journal of the ACM (JACM)},
  volume={56},
  number={4},
  pages={19},
  year={2009},
  publisher={ACM}
}

@inproceedings{morss06,
  author    = { Elchanan Mossel and
	 	 Ryan O'Donnell and
		 Oded Regev and
		 Jeffrey Steif and
		 Benny Sudakov},
  title     = {Non-interactive correlation distillation, inhomogeneous Markov chains, and the reverse Bonami-Beckner inequality},
  booktitle = {Israel Journal of Mathematics},
  year      = {2006},
  pages     = {299-336}
}


@article{fhl08,
  title={Improved approximation algorithms for minimum weight vertex separators},
  author={Feige, Uriel and Hajiaghayi, MohammadTaghi and Lee, James R},
  journal={SIAM Journal on Computing},
  volume={38},
  number={2},
  pages={629--657},
  year={2008},
  publisher={SIAM}
}


@inproceedings{rst12,
  title={Reductions between expansion problems},
  author={Raghavendra, Prasad and Steurer, David and Tulsiani, Madhur},
  booktitle={Computational Complexity (CCC), 2012 IEEE 27th Annual Conference on},
  pages={64--73},
  year={2012},
  organization={IEEE}
}



@article{b85,
  title={Geometric bounds on the Ornstein-Uhlenbeck velocity process},
  author={Borell, Christer},
  journal={Zeitschrift f{\"u}r Wahrscheinlichkeitstheorie und Verwandte Gebiete},
  volume={70},
  number={1},
  pages={1--13},
  year={1985},
  publisher={Springer}
}


@inproceedings{o03,
  author    = {  Ryan O'Donnell},
  title     = {Computational applications of noise sensitivity},
  booktitle = {MIT PhD thesis},
  year      = {2003}
}

@inproceedings{cmm06b,
  title={How to play unique games using embeddings},
  author={Chlamtac, Eden and Makarychev, Konstantin and Makarychev, Yury},
  booktitle={Foundations of Computer Science, 2006. FOCS'06. 47th Annual IEEE Symposium on},
  pages={687--696},
  year={2006},
  organization={IEEE}
}



@inproceedings{cmm06a,
  title={Near-optimal algorithms for unique games},
  author={Charikar, Moses and Makarychev, Konstantin and Makarychev, Yury},
  booktitle={Proceedings of the thirty-eighth annual ACM symposium on Theory of computing},
  pages={205--214},
  year={2006},
  organization={ACM}
}


@inproceedings{d10,
  author    = {David Steurer},
  title     = {Personal Communication},
  year      = {2010}
}


@inproceedings{ls91,
  author    = {Laszlo Lovasz and 
	  	Alexander Schrijver},
  title     = {Cones of matrices and set-functions and 0-1 optimization},
  booktitle = {SIAM J. on Optimization 1(12)},
  year      = {1991},
  pages     = {166-190},
}


@inproceedings{sa90,
  author    = {Hanif D. Sherali and 
	  	Warren P. Adams },
  title     = {A hierarchy of relaxations between the continuous and convex hull representations for zero-one programming problems},
  booktitle = {SIAM J. Discrete Math. 3(3)},
  year      = {1990},
  pages     = {411-430},
}


@inproceedings{l01,
  author    = {Jean B. Lasserre},
  title     = {An explicit exact sdp relaxation for nonlinear 0-1 programs},
  booktitle = {IPCO 2001},
  year      = {2001},
  pages     = {293-303},
}


@inproceedings{bfk11,
  title={Min-max graph partitioning and small set expansion},
  author={Bansal, Nikhil and Feige, Uriel and Krauthgamer, Robert and Makarychev, Konstantin and Nagarajan, Viswanath and Naor, Joseph and Schwartz, Roy},
  booktitle={Foundations of Computer Science (FOCS), 2011 IEEE 52nd Annual Symposium on},
  pages={17--26},
  year={2011},
  organization={IEEE}
}


@inproceedings{brs11,
  title={Rounding semidefinite programming hierarchies via global correlation},
  author={Barak, Boaz and Raghavendra, Prasad and Steurer, David},
  booktitle={Foundations of Computer Science (FOCS), 2011 IEEE 52nd Annual Symposium on},
  pages={472--481},
  year={2011},
  organization={IEEE}
}



@article{am85,
  author    = {Noga Alon and
               V. D. Milman},
  title     = {$\lambda_{\mbox{1}}$, Isoperimetric inequalities for graphs,
               and superconcentrators},
  journal   = {J. Comb. Theory, Ser. B},
  volume    = {38},
  number    = {1},
  year      = {1985},
  pages     = {73-88},
  ee        = {http://dx.doi.org/10.1016/0095-8956(85)90092-9},
  bibsource = {DBLP, http://dblp.uni-trier.de}
}

@article{l10,
  title={Cut-Matching Games on Directed Graphs},
  author={Louis, Anand},
  journal={arXiv preprint arXiv:1010.1047},
  year={2010}
}



@inproceedings{acmm05,
  title={O ($\sqrt{ log n}$) approximation algorithms for min UnCut, min 2CNF deletion, and directed cut problems},
  author={Agarwal, Amit and Charikar, Moses and Makarychev, Konstantin and Makarychev, Yury},
  booktitle={Proceedings of the thirty-seventh annual ACM symposium on Theory of computing},
  pages={573--581},
  year={2005},
  organization={ACM}
}


@article{llr95,
  title={The geometry of graphs and some of its algorithmic applications},
  author={Linial, Nathan and London, Eran and Rabinovich, Yuri},
  journal={Combinatorica},
  volume={15},
  number={2},
  pages={215--245},
  year={1995},
  publisher={Springer}
}


@article{ar98,
  title={An O($\log k$) approximate min-cut max-flow theorem and approximation algorithm},
  author={Aumann, Yonatan and Rabani, Yuval},
  journal={SIAM Journal on Computing},
  volume={27},
  number={1},
  pages={291--301},
  year={1998},
  publisher={SIAM}
}


@article{ahk04,
  title={O($\sqrt{\log n}) Approximation to SPARSEST CUT in $O(n^2)$ Time},
  author={Arora, Sanjeev and Hazan, Elad and Kale, Satyen},
  journal={SIAM Journal on Computing},
  volume={39},
  number={5},
  pages={1748--1771},
  year={2010},
  publisher={SIAM}
}

@article{ahk10,
  title={O($\sqrt{\log n}) Approximation to SPARSEST CUT in $O(n^2)$ Time},
  author={Arora, Sanjeev and Hazan, Elad and Kale, Satyen},
  journal={SIAM Journal on Computing},
  volume={39},
  number={5},
  pages={1748--1771},
  year={2010},
  publisher={SIAM}
}




@inproceedings{m89,
  title={Conductance and convergence of Markov chains-A combinatorial treatment of expanders},
  author={Mihail, Milena},
  booktitle={Foundations of Computer Science, 1989., 30th Annual Symposium on},
  pages={526--531},
  year={1989},
  organization={IEEE}
}



